<record><leader>00000cas a2200000 a 4500</leader><controlfield tag="001">29338072</controlfield><controlfield tag="008">931117c19919999cauwr ne      0   a0eng c</controlfield><datafield ind1=" " ind2=" " tag="010"><subfield code="a">sn 94000031 </subfield></datafield><datafield ind1=" " ind2=" " tag="040"><subfield code="a">FHM</subfield><subfield code="b">eng</subfield><subfield code="c">FHM</subfield><subfield code="d">NSD</subfield><subfield code="d">CNK</subfield><subfield code="d">OCL</subfield><subfield code="d">OCLCQ</subfield><subfield code="d">CNK</subfield><subfield code="d">OCLCQ</subfield><subfield code="d">CLU</subfield><subfield code="d">OCLCF</subfield><subfield code="d">OCLCO</subfield></datafield><datafield ind1=" " ind2=" " tag="012"><subfield code="m">1</subfield></datafield><datafield ind1="1" ind2=" " tag="022"><subfield code="a">1074-0406</subfield><subfield code="l">1074-0406</subfield><subfield code="2">1</subfield></datafield><datafield ind1="1" ind2=" " tag="029"><subfield code="a">AU@</subfield><subfield code="b">000025899226</subfield></datafield><datafield ind1=" " ind2=" " tag="032"><subfield code="a">010894</subfield><subfield code="b">USPS</subfield></datafield><datafield ind1=" " ind2=" " tag="037"><subfield code="b">Pakistan Link, P.O. Box 351447, Los Angeles, CA 90035</subfield></datafield><datafield ind1="0" ind2=" " tag="041"><subfield code="a">eng</subfield><subfield code="a">urd</subfield></datafield><datafield ind1=" " ind2=" " tag="042"><subfield code="a">nsdp</subfield><subfield code="a">pcc</subfield></datafield><datafield ind1=" " ind2="4" tag="222"><subfield code="a">The Pakistan link</subfield></datafield><datafield ind1="0" ind2="4" tag="245"><subfield code="a">The Pakistan link.</subfield></datafield><datafield ind1="3" ind2=" " tag="246"><subfield code="a">Urdu link</subfield></datafield><datafield ind1="3" ind2=" " tag="246"><subfield code="a">Pakistan Link Urdu</subfield></datafield><datafield ind1="3" ind2=" " tag="246"><subfield code="a">Weekly Urdu Link</subfield></datafield><datafield ind1=" " ind2=" " tag="260"><subfield code="3">Aug. 27, 1993-&gt;:</subfield><subfield code="a">Carson, Calif. :</subfield><subfield code="b">Pakistan Link Publication</subfield></datafield><datafield ind1="3" ind2="1" tag="264"><subfield code="3">&lt;June 1, 2012-&gt;:</subfield><subfield code="a">Anaheim, CA :</subfield><subfield code="b">Pakistan Link</subfield></datafield><datafield ind1=" " ind2=" " tag="300"><subfield code="a">v. :</subfield><subfield code="b">ill. ;</subfield><subfield code="c">43 cm.</subfield></datafield><datafield ind1=" " ind2=" " tag="310"><subfield code="a">Weekly</subfield></datafield><datafield ind1="1" ind2=" " tag="362"><subfield code="a">Began in 1991?</subfield></datafield><datafield ind1=" " ind2=" " tag="500"><subfield code="a">Published in Inglewood, Calif., &lt;Jan. 13, 1995&gt;-Oct. 16, 1998; Cypress, Calif., Oct. 23,1998-May 5, 2000; Tustin, Calif., May 12, 2000-May 18, 2001; Irvine, Calif., May 25, 2001-Dec. 10, 2004; Newport Beach, Calif., Dec. 17, 2004-</subfield></datafield><datafield ind1=" " ind2=" " tag="530"><subfield code="a">Also issued online.</subfield></datafield><datafield ind1=" " ind2=" " tag="546"><subfield code="a">Issues include Urdu language news section, &lt;Jan. 13, 1995-&gt;</subfield></datafield><datafield ind1=" " ind2=" " tag="588"><subfield code="a">Description based on: Vol. 3, no. 23 (Aug. 27, 1993).</subfield></datafield><datafield ind1=" " ind2=" " tag="588"><subfield code="a">Latest issue consulted: Vol. 22, [no.] 22 (June 1, 2012).</subfield></datafield><datafield ind1=" " ind2="0" tag="650"><subfield code="a">Pakistanis</subfield><subfield code="z">United States</subfield><subfield code="v">Newspapers.</subfield></datafield><datafield ind1=" " ind2="7" tag="655"><subfield code="a">Newspapers.</subfield><subfield code="2">fast</subfield><subfield code="0">(OCoLC)fst01423814</subfield></datafield><datafield ind1=" " ind2="7" tag="650"><subfield code="a">Pakistanis.</subfield><subfield code="2">fast</subfield><subfield code="0">(OCoLC)fst01051228</subfield></datafield><datafield ind1=" " ind2="7" tag="651"><subfield code="a">United States.</subfield><subfield code="2">fast</subfield><subfield code="0">(OCoLC)fst01204155</subfield></datafield><datafield ind1=" " ind2=" " tag="752"><subfield code="a">United States</subfield><subfield code="b">California</subfield><subfield code="c">Orange</subfield><subfield code="d">Anaheim.</subfield></datafield><datafield ind1=" " ind2=" " tag="752"><subfield code="a">United States</subfield><subfield code="b">California</subfield><subfield code="c">Orange</subfield><subfield code="d">Newport Beach.</subfield></datafield><datafield ind1=" " ind2=" " tag="752"><subfield code="a">United States</subfield><subfield code="b">California</subfield><subfield code="c">Orange</subfield><subfield code="d">Irvine.</subfield></datafield><datafield ind1=" " ind2=" " tag="752"><subfield code="a">United States</subfield><subfield code="b">California</subfield><subfield code="c">Orange</subfield><subfield code="d">Tustin.</subfield></datafield><datafield ind1=" " ind2=" " tag="752"><subfield code="a">United States</subfield><subfield code="b">California</subfield><subfield code="c">Orange</subfield><subfield code="d">Cypress.</subfield></datafield><datafield ind1=" " ind2=" " tag="752"><subfield code="a">United States</subfield><subfield code="b">California</subfield><subfield code="c">Los Angeles</subfield><subfield code="d">Inglewood.</subfield></datafield><datafield ind1=" " ind2=" " tag="752"><subfield code="a">United States</subfield><subfield code="b">California</subfield><subfield code="c">Los Angeles</subfield><subfield code="d">Carson.</subfield></datafield><datafield ind1="4" ind2="1" tag="856"><subfield code="u">http://bibpurl.oclc.org/web/46340</subfield><subfield code="u">http://pakistanlink.org/</subfield></datafield></record>